@misc{lite,
  author = {TechCrunch},
  title = {{Tensorflow Lite DSP}},
  howpublished = "\url{https://techcrunch.com/2017/05/17/googles-tensorflow-lite-brings-machine-learning-to-android-devices/}",
}

@inbook{middleout,
    author = "Autodesk Inventor Blog",
    title = "Top-down, bottom-up, middle-out design",
    url = "https://tinyurl.com/ycqn9ls8"
}

@misc{linux,
  author = {OMAP-L138 LCDK Linux Software Developer's Guide},
  title = {{Programming the C6748 DSP}},
  howpublished = "\url{http://processors.wiki.ti.com/index.php/OMAP-L138_LCDK_Linux_Software_Developer's_Guide}",
}

@misc{known_issues,
  author = {TI Community Forums Wiki},
  title = {{C674x DSPLIB Known Issues}},
  howpublished = "\url{http://processors.wiki.ti.com/index.php/C674x_DSPLIB_Known_Issues}",
}

@misc{tensorflow,
  author = {Tensorflow},
  title = {{Getting Started With Tensorflow}},
  howpublished = "\url{https://www.tensorflow.org/get_started/get_started}",
}




@article{complexity,
title = "Complexity Analysis of Multilayer Perceptron Neural Network Embedded into a Wireless Sensor Network",
journal = "Procedia Computer Science",
volume = "36",
number = "",
pages = "192 - 197",
year = "2014",
note = "Complex Adaptive Systems Philadelphia, PA November 3-5, 2014",
issn = "1877-0509",
doi = "http://dx.doi.org/10.1016/j.procs.2014.09.078",
url = "http://www.sciencedirect.com/science/article/pii/S1877050914013271",
author = "Gursel Serpen and Zhenning Gao",
keywords = "Distributed and parallel processing",
keywords = "multilayer perceptron neural network",
keywords = "wireless sensor network",
keywords = "computational complexity",
keywords = "communication complexity"
}


@article{i2c, 
author={F. Leens}, 
journal={IEEE Instrumentation Measurement Magazine}, 
title={An introduction to I2C and SPI protocols}, 
year={2009}, 
volume={12}, 
number={1}, 
pages={8-13}, 
keywords={embedded systems;peripheral interfaces;protocols;SPI protocols;communication protocols;digital electronics systems;inter-integrated circuit;serial peripheral interface;Clocks;Codecs;Frequency;Instruments;Master-slave;Protocols;Sampling methods;Topology;Voltage}, 
doi={10.1109/MIM.2009.4762946}, 
ISSN={1094-6969}, 
month={February},}

@ARTICLE{backprop, 
author={S. i. Horikawa and T. Furuhashi and Y. Uchikawa}, 
journal={IEEE Transactions on Neural Networks}, 
title={On fuzzy modeling using fuzzy neural networks with the back-propagation algorithm}, 
year={1992}, 
volume={3}, 
number={5}, 
pages={801-806}, 
keywords={fuzzy logic;identification;inference mechanisms;modelling;neural nets;nonlinear systems;backpropagation;fuzzy modeling;fuzzy neural networks;identification;nonlinear system;Fuzzy neural networks;Fuzzy reasoning;Fuzzy systems;Inference algorithms;Neural networks;Nonlinear systems}, 
doi={10.1109/72.159069}, 
ISSN={1045-9227}, 
month={Sep},}

@article{adam,
  author    = {Diederik P. Kingma and
               Jimmy Ba},
  title     = {Adam: {A} Method for Stochastic Optimization},
  journal   = {CoRR},
  volume    = {abs/1412.6980},
  year      = {2014},
  url       = {http://arxiv.org/abs/1412.6980},
  timestamp = {Wed, 07 Jun 2017 14:40:52 +0200},
  biburl    = {http://dblp.uni-trier.de/rec/bib/journals/corr/KingmaB14},
  bibsource = {dblp computer science bibliography, http://dblp.org}
}
maintained by Schloss Dagstuhl LZI at University of Trier	homebrowsesearchabout


@article{ufa,
  doi = {10.1016/0893-6080(91)90009-t},
  url = {https://doi.org/10.1016/0893-6080(91)90009-t},
  year  = {1991},
  month = {jan},
  publisher = {Elsevier {BV}},
  volume = {4},
  number = {2},
  pages = {251--257},
  author = {Kurt Hornik},
  title = {Approximation capabilities of multilayer feedforward networks},
  journal = {Neural Networks}
}
